@article{huang21comprehensive,
  author       = {Xiaoshui Huang and
                  Guofeng Mei and
                  Jian Zhang and
                  Rana Abbas},
  title        = {A comprehensive survey on point cloud registration},
  journal      = {CoRR},
  volume       = {abs/2103.02690},
  year         = {2021}
}

@article{nichol22pointe,
  author       = {Alex Nichol and
                  Heewoo Jun and
                  Prafulla Dhariwal and
                  Pamela Mishkin and
                  Mark Chen},
  title        = {Point-E: {A} System for Generating 3D Point Clouds from Complex Prompts},
  journal      = {CoRR},
  volume       = {abs/2212.08751},
  year         = {2022}
}
