@misc{ahn22can,
  title = {Do {{As I Can}}, {{Not As I Say}}: {{Grounding Language}} in {{Robotic Affordances}}},
  shorttitle = {Do {{As I Can}}, {{Not As I Say}}},
  author = {Ahn, Michael and Brohan, Anthony and Brown, Noah and Chebotar, Yevgen and Cortes, Omar and David, Byron and Finn, Chelsea and Fu, Chuyuan and Gopalakrishnan, Keerthana and Hausman, Karol and Herzog, Alex and Ho, Daniel and Hsu, Jasmine and Ibarz, Julian and Ichter, Brian and Irpan, Alex and Jang, Eric and Ruano, Rosario Jauregui and Jeffrey, Kyle and Jesmonth, Sally and Joshi, Nikhil J. and Julian, Ryan and Kalashnikov, Dmitry and Kuang, Yuheng and Lee, Kuang-Huei and Levine, Sergey and Lu, Yao and Luu, Linda and Parada, Carolina and Pastor, Peter and Quiambao, Jornell and Rao, Kanishka and Rettinghouse, Jarek and Reyes, Diego and Sermanet, Pierre and Sievers, Nicolas and Tan, Clayton and Toshev, Alexander and Vanhoucke, Vincent and Xia, Fei and Xiao, Ted and Xu, Peng and Xu, Sichun and Yan, Mengyuan and Zeng, Andy},
  year = {2022},
  month = aug,
  number = {arXiv:2204.01691},
  eprint = {arXiv:2204.01691},
  publisher = {{arXiv}},
  urldate = {2023-04-04},
  archiveprefix = {arxiv},
  keywords = {Computer Science - Computation and Language,Computer Science - Machine Learning,Computer Science - Robotics}
}

@article{bartels13constraintbased,
  title = {Constraint-Based Movement Representation Grounded in Geometric Features},
  author = {Bartels, Georg and Kresse, Ingo and Beetz, Michael},
  year = {2013},
  month = oct,
  journal = {2013 13th IEEE-RAS International Conference on Humanoid Robots (Humanoids)},
  pages = {547--554},
  publisher = {{IEEE}},
  address = {{Atlanta, GA}},
  urldate = {2023-01-20},
  isbn = {9781479926176 9781479926190}
}

@inproceedings{beetz11robotic,
  title = {Robotic Roommates Making Pancakes},
  booktitle = {2011 11th {{IEEE-RAS International Conference}} on {{Humanoid Robots}}},
  author = {Beetz, Michael and Klank, Ulrich and Kresse, Ingo and Maldonado, Alexis and M{\"o}senlechner, Lorenz and Pangercic, Dejan and R{\"u}hr, Thomas and Tenorth, Moritz},
  year = {2011},
  month = oct,
  pages = {529--536},
  issn = {2164-0580},
  keywords = {Containers,Knowledge based systems,Libraries,Refrigerators,Robot kinematics,Three dimensional displays}
}

@inproceedings{benamor12generalization,
  title = {Generalization of Human Grasping for Multi-Fingered Robot Hands},
  booktitle = {2012 {{IEEE}}/{{RSJ International Conference}} on {{Intelligent Robots}} and {{Systems}}},
  author = {Ben Amor, Heni and Kroemer, Oliver and Hillenbrand, Ulrich and Neumann, Gerhard and Peters, Jan},
  year = {2012},
  month = oct,
  pages = {2043--2050},
  issn = {2153-0866},
  keywords = {Grasping,Humans,Joints,Robots,Shape,Synchronization,Vectors}
}

@misc{biza21impact,
  title = {The {{Impact}} of {{Negative Sampling}} on {{Contrastive Structured World Models}}},
  author = {Biza, Ondrej and {van der Pol}, Elise and Kipf, Thomas},
  year = {2021},
  month = jul,
  number = {arXiv:2107.11676},
  eprint = {arXiv:2107.11676},
  publisher = {{arXiv}},
  urldate = {2023-01-31},
  archiveprefix = {arxiv},
  keywords = {Computer Science - Machine Learning}
}

@article{bookstein89principal,
  title = {Principal Warps: Thin-Plate Splines and the Decomposition of Deformations},
  shorttitle = {Principal Warps},
  author = {Bookstein, F.L.},
  year = {1989},
  month = jun,
  journal = {IEEE Transactions on Pattern Analysis and Machine Intelligence},
  volume = {11},
  number = {6},
  pages = {567--585},
  issn = {1939-3539},
  keywords = {Algebra,Biological system modeling,Biomedical imaging,Deformable models,Functional analysis,Image analysis,Integral equations,Interpolation,Shape,Steel}
}

@inproceedings{brandi14generalizing,
  title = {Generalizing Pouring Actions between Objects Using Warped Parameters},
  booktitle = {2014 {{IEEE-RAS International Conference}} on {{Humanoid Robots}}},
  author = {Brandi, Sascha and Kroemer, Oliver and Peters, Jan},
  year = {2014},
  month = nov,
  pages = {616--621},
  issn = {2164-0580},
  keywords = {Containers,Geometry,Liquids,Robots,Shape,Three-dimensional displays,Trajectory}
}

@article{bronstein06generalized,
  title = {Generalized Multidimensional Scaling: {{A}} Framework for Isometry-Invariant Partial Surface Matching},
  shorttitle = {Generalized Multidimensional Scaling},
  author = {Bronstein, Alexander M. and Bronstein, Michael M. and Kimmel, Ron},
  year = {2006},
  month = jan,
  journal = {Proceedings of the National Academy of Sciences},
  volume = {103},
  number = {5},
  pages = {1168--1172},
  publisher = {{Proceedings of the National Academy of Sciences}},
  urldate = {2023-01-30}
}

@inproceedings{brook11collaborative,
  title = {Collaborative Grasp Planning with Multiple Object Representations},
  booktitle = {2011 {{IEEE International Conference}} on {{Robotics}} and {{Automation}}},
  author = {Brook, Peter and Ciocarlie, Matei and Hsiao, Kaijen},
  year = {2011},
  month = may,
  pages = {2851--2858},
  issn = {1050-4729},
  keywords = {Clustering algorithms,Computational modeling,Grasping,Object recognition,Planning,Robot sensing systems}
}

@article{brownglobal,
  title = {Global {{Non-Rigid Alignment}} of 3-{{D Scans}}},
  author = {Brown, Benedict J and Rusinkiewicz, Szymon},
  langid = {english}
}

@misc{burghard17compact,
  title = {Compact {{Part-Based Shape Spaces}} for {{Dense Correspondences}}},
  author = {Burghard, Oliver and Berner, Alexander and Wand, Michael and Mitra, Niloy and Seidel, Hans-Peter and Klein, Reinhard},
  year = {2017},
  month = oct,
  number = {arXiv:1311.7535},
  eprint = {arXiv:1311.7535},
  publisher = {{arXiv}},
  urldate = {2023-02-16},
  archiveprefix = {arxiv},
  keywords = {Computer Science - Graphics,I.2.10,I.3.5}
}

@misc{chang15shapenet,
  title = {{{ShapeNet}}: {{An Information-Rich 3D Model Repository}}},
  shorttitle = {{{ShapeNet}}},
  author = {Chang, Angel X. and Funkhouser, Thomas and Guibas, Leonidas and Hanrahan, Pat and Huang, Qixing and Li, Zimo and Savarese, Silvio and Savva, Manolis and Song, Shuran and Su, Hao and Xiao, Jianxiong and Yi, Li and Yu, Fisher},
  year = {2015},
  month = dec,
  number = {arXiv:1512.03012},
  eprint = {arXiv:1512.03012},
  publisher = {{arXiv}},
  urldate = {2023-01-31},
  archiveprefix = {arxiv},
  keywords = {Computer Science - Artificial Intelligence,Computer Science - Computational Geometry,Computer Science - Computer Vision and Pattern Recognition,Computer Science - Graphics,Computer Science - Robotics}
}

@inproceedings{cheang22learning,
  title = {Learning 6-{{DoF Object Poses}} to {{Grasp Category-Level Objects}} by {{Language Instructions}}},
  booktitle = {2022 {{International Conference}} on {{Robotics}} and {{Automation}} ({{ICRA}})},
  author = {Cheang, Chilam and Lin, Haitao and Fu, Yanwei and Xue, Xiangyang},
  year = {2022},
  month = may,
  pages = {8476--8482},
  keywords = {Grasping,Human-robot interaction,Image segmentation,Point cloud compression,Systematics,Task analysis,Training}
}

@inproceedings{chen22neural,
  title = {Neural {{Shape Mating}}: {{Self-Supervised Object Assembly}} with {{Adversarial Shape Priors}}},
  shorttitle = {Neural {{Shape Mating}}},
  booktitle = {2022 {{IEEE}}/{{CVF Conference}} on {{Computer Vision}} and {{Pattern Recognition}} ({{CVPR}})},
  author = {Chen, Yun-Chun and Li, Haoda and Turpin, Dylan and Jacobson, Alec and Garg, Animesh},
  year = {2022},
  month = jun,
  pages = {12714--12723},
  publisher = {{IEEE}},
  address = {{New Orleans, LA, USA}},
  urldate = {2023-01-30},
  isbn = {978-1-66546-946-3},
  langid = {english}
}

@misc{cheng22maskedattention,
  title = {Masked-Attention {{Mask Transformer}} for {{Universal Image Segmentation}}},
  author = {Cheng, Bowen and Misra, Ishan and Schwing, Alexander G. and Kirillov, Alexander and Girdhar, Rohit},
  year = {2022},
  month = jun,
  number = {arXiv:2112.01527},
  eprint = {arXiv:2112.01527},
  publisher = {{arXiv}},
  urldate = {2023-04-04},
  archiveprefix = {arxiv},
  keywords = {Computer Science - Artificial Intelligence,Computer Science - Computer Vision and Pattern Recognition,Computer Science - Machine Learning}
}

@misc{chowdhery22palm,
  title = {{{PaLM}}: {{Scaling Language Modeling}} with {{Pathways}}},
  shorttitle = {{{PaLM}}},
  author = {Chowdhery, Aakanksha and Narang, Sharan and Devlin, Jacob and Bosma, Maarten and Mishra, Gaurav and Roberts, Adam and Barham, Paul and Chung, Hyung Won and Sutton, Charles and Gehrmann, Sebastian and Schuh, Parker and Shi, Kensen and Tsvyashchenko, Sasha and Maynez, Joshua and Rao, Abhishek and Barnes, Parker and Tay, Yi and Shazeer, Noam and Prabhakaran, Vinodkumar and Reif, Emily and Du, Nan and Hutchinson, Ben and Pope, Reiner and Bradbury, James and Austin, Jacob and Isard, Michael and {Gur-Ari}, Guy and Yin, Pengcheng and Duke, Toju and Levskaya, Anselm and Ghemawat, Sanjay and Dev, Sunipa and Michalewski, Henryk and Garcia, Xavier and Misra, Vedant and Robinson, Kevin and Fedus, Liam and Zhou, Denny and Ippolito, Daphne and Luan, David and Lim, Hyeontaek and Zoph, Barret and Spiridonov, Alexander and Sepassi, Ryan and Dohan, David and Agrawal, Shivani and Omernick, Mark and Dai, Andrew M. and Pillai, Thanumalayan Sankaranarayana and Pellat, Marie and Lewkowycz, Aitor and Moreira, Erica and Child, Rewon and Polozov, Oleksandr and Lee, Katherine and Zhou, Zongwei and Wang, Xuezhi and Saeta, Brennan and Diaz, Mark and Firat, Orhan and Catasta, Michele and Wei, Jason and {Meier-Hellstern}, Kathy and Eck, Douglas and Dean, Jeff and Petrov, Slav and Fiedel, Noah},
  year = {2022},
  month = oct,
  number = {arXiv:2204.02311},
  eprint = {arXiv:2204.02311},
  publisher = {{arXiv}},
  urldate = {2023-04-04},
  archiveprefix = {arxiv},
  keywords = {Computer Science - Computation and Language}
}

@article{chui03new,
  title = {A New Point Matching Algorithm for Non-Rigid Registration},
  author = {Chui, Haili and Rangarajan, Anand},
  year = {2003},
  month = feb,
  journal = {Computer Vision and Image Understanding},
  series = {Nonrigid {{Image Registration}}},
  volume = {89},
  number = {2},
  pages = {114--141},
  issn = {1077-3142},
  urldate = {2023-01-30},
  langid = {english},
  keywords = {Brain mapping,Correspondence,Feature-based,Linear assignment,Non-rigid mapping,Outlier rejection,Permutation matrix,Registration,Robust point matching (RPM),Softassign,Thin-plate splines (TPS)}
}

@misc{chun23local,
  title = {Local {{Neural Descriptor Fields}}: {{Locally Conditioned Object Representations}} for {{Manipulation}}},
  shorttitle = {Local {{Neural Descriptor Fields}}},
  author = {Chun, Ethan and Du, Yilun and Simeonov, Anthony and {Lozano-Perez}, Tomas and Kaelbling, Leslie},
  year = {2023},
  month = mar,
  number = {arXiv:2302.03573},
  eprint = {arXiv:2302.03573},
  publisher = {{arXiv}},
  urldate = {2023-04-03},
  archiveprefix = {arxiv},
  keywords = {Computer Science - Artificial Intelligence,Computer Science - Computer Vision and Pattern Recognition,Computer Science - Machine Learning,Computer Science - Robotics}
}

@article{cong23comprehensive,
  title = {A {{Comprehensive Study}} of 3-{{D Vision-Based Robot Manipulation}}},
  author = {Cong, Yang and Chen, Ronghan and Ma, Bingtao and Liu, Hongsen and Hou, Dongdong and Yang, Chenguang},
  year = {2023},
  month = mar,
  journal = {IEEE Transactions on Cybernetics},
  volume = {53},
  number = {3},
  pages = {1682--1698},
  issn = {2168-2275},
  keywords = {3-D object recognition,Cameras,Data acquisition,Force,Grasping,grasping estimation,motion planning,pose estimation,Pose estimation,robot manipulation,Robots,Service robots}
}

@misc{darmon22improving,
  title = {Improving Neural Implicit Surfaces Geometry with Patch Warping},
  author = {Darmon, Fran{\c c}ois and Bascle, B{\'e}n{\'e}dicte and Devaux, Jean-Cl{\'e}ment and Monasse, Pascal and Aubry, Mathieu},
  year = {2022},
  month = may,
  number = {arXiv:2112.09648},
  eprint = {arXiv:2112.09648},
  publisher = {{arXiv}},
  urldate = {2023-03-18},
  archiveprefix = {arxiv},
  keywords = {Computer Science - Computer Vision and Pattern Recognition}
}

@inproceedings{driess21learning,
  title = {Learning {{Models}} as {{Functionals}} of {{Signed-Distance Fields}} for {{Manipulation Planning}}},
  booktitle = {5th {{Annual Conference}} on {{Robot Learning}}},
  author = {Driess, Danny and Ha, Jung-Su and Toussaint, Marc and Tedrake, Russ},
  year = {2021},
  month = nov,
  urldate = {2023-01-31},
  langid = {english}
}

@misc{driess22learning,
  title = {Learning {{Multi-Object Dynamics}} with {{Compositional Neural Radiance Fields}}},
  author = {Driess, Danny and Huang, Zhiao and Li, Yunzhu and Tedrake, Russ and Toussaint, Marc},
  year = {2022},
  month = jul,
  number = {arXiv:2202.11855},
  eprint = {arXiv:2202.11855},
  publisher = {{arXiv}},
  urldate = {2023-01-31},
  archiveprefix = {arxiv},
  keywords = {Computer Science - Computer Vision and Pattern Recognition,Computer Science - Machine Learning,Computer Science - Robotics}
}

@incollection{engelmann16joint,
  title = {Joint {{Object Pose Estimation}} and {{Shape Reconstruction}} in {{Urban Street Scenes Using 3D Shape Priors}}},
  booktitle = {Pattern {{Recognition}}},
  author = {Engelmann, Francis and St{\"u}ckler, J{\"o}rg and Leibe, Bastian},
  editor = {Rosenhahn, Bodo and Andres, Bjoern},
  year = {2016},
  volume = {9796},
  pages = {219--230},
  publisher = {{Springer International Publishing}},
  address = {{Cham}},
  urldate = {2023-02-16},
  isbn = {978-3-319-45885-4 978-3-319-45886-1},
  langid = {english}
}

@inproceedings{fan17point,
  title = {A {{Point Set Generation Network}} for {{3D Object Reconstruction}} from a {{Single Image}}},
  booktitle = {2017 {{IEEE Conference}} on {{Computer Vision}} and {{Pattern Recognition}} ({{CVPR}})},
  author = {Fan, Haoqiang and Su, Hao and Guibas, Leonidas},
  year = {2017},
  month = jul,
  pages = {2463--2471},
  publisher = {{IEEE}},
  address = {{Honolulu, HI}},
  urldate = {2023-04-04},
  isbn = {978-1-5386-0457-1},
  langid = {english}
}

@inproceedings{ficuciello16synergybased,
  title = {Synergy-Based Policy Improvement with Path Integrals for Anthropomorphic Hands},
  booktitle = {2016 {{IEEE}}/{{RSJ International Conference}} on {{Intelligent Robots}} and {{Systems}} ({{IROS}})},
  author = {Ficuciello, Fanny and Zaccara, Damiano and Siciliano, Bruno},
  year = {2016},
  month = oct,
  pages = {1940--1945},
  issn = {2153-0866},
  keywords = {Cost function,Grasping,Learning (artificial intelligence),Robot kinematics,Robot sensing systems,Trajectory}
}

@inproceedings{florence18dense,
  title = {Dense {{Object Nets}}: {{Learning Dense Visual Object Descriptors By}} and {{For Robotic Manipulation}}},
  shorttitle = {Dense {{Object Nets}}},
  booktitle = {2nd {{Annual Conference}} on {{Robot Learning}}, {{CoRL}} 2018, {{Z\"urich}}, {{Switzerland}}, 29-31 {{October}} 2018, {{Proceedings}}},
  author = {Florence, Peter R. and Manuelli, Lucas and Tedrake, Russ},
  year = {2018},
  series = {Proceedings of {{Machine Learning Research}}},
  volume = {87},
  pages = {373--385},
  publisher = {{PMLR}},
  urldate = {2023-01-30}
}

@article{florence20selfsupervised,
  title = {Self-{{Supervised Correspondence}} in {{Visuomotor Policy Learning}}},
  author = {Florence, Peter R. and Manuelli, Lucas and Tedrake, Russ},
  year = {2020},
  journal = {IEEE Robotics Autom. Lett.},
  volume = {5},
  number = {2},
  pages = {492--499}
}

@article{gao21kpam,
  title = {{{kPAM}} 2.0: {{Feedback Control}} for {{Category-Level Robotic Manipulation}}},
  shorttitle = {{{kPAM}} 2.0},
  author = {Gao, Wei and Tedrake, Russ},
  year = {2021},
  month = apr,
  journal = {IEEE Robotics and Automation Letters},
  volume = {6},
  number = {2},
  pages = {2962--2969},
  issn = {2377-3766},
  keywords = {Dexterous manipulation,generalizable robotic manipulation,Grasping,perception for grasping and manipulation,Robot kinematics,Robots,Service robots,Shape,Task analysis,Three-dimensional displays}
}

@inproceedings{gao21kpamsc,
  title = {{{kPAM-SC}}: {{Generalizable Manipulation Planning}} Using {{KeyPoint Affordance}} and {{Shape Completion}}},
  shorttitle = {{{kPAM-SC}}},
  booktitle = {2021 {{IEEE International Conference}} on {{Robotics}} and {{Automation}} ({{ICRA}})},
  author = {Gao, Wei and Tedrake, Russ},
  year = {2021},
  month = may,
  pages = {6527--6533},
  issn = {2577-087X},
  keywords = {Geometry,Hardware,Pipelines,Pose estimation,Robot sensing systems,Semantics,Shape}
}

@misc{gao23kvil,
  title = {K-{{VIL}}: {{Keypoints-based Visual Imitation Learning}}},
  shorttitle = {K-{{VIL}}},
  author = {Gao, Jianfeng and Tao, Zhi and Jaquier, No{\'e}mie and Asfour, Tamim},
  year = {2023},
  month = feb,
  number = {arXiv:2209.03277},
  eprint = {arXiv:2209.03277},
  publisher = {{arXiv}},
  urldate = {2023-04-04},
  archiveprefix = {arxiv},
  keywords = {Computer Science - Robotics}
}

@article{gualtieri21robotic,
  title = {Robotic {{Pick-and-Place With Uncertain Object Instance Segmentation}} and {{Shape Completion}}},
  author = {Gualtieri, Marcus and Platt, Robert},
  year = {2021},
  month = apr,
  journal = {IEEE Robot. Autom. Lett.},
  volume = {6},
  number = {2},
  eprint = {2010.07892},
  primaryclass = {cs},
  pages = {1753--1760},
  issn = {2377-3766, 2377-3774},
  urldate = {2023-01-30},
  archiveprefix = {arxiv},
  keywords = {Computer Science - Robotics}
}

@inproceedings{haarnoja18soft,
  title = {Soft {{Actor-Critic}}: {{Off-Policy Maximum Entropy Deep Reinforcement Learning}} with a {{Stochastic Actor}}},
  shorttitle = {Soft {{Actor-Critic}}},
  booktitle = {Proceedings of the 35th {{International Conference}} on {{Machine Learning}}, {{ICML}} 2018, {{Stockholmsm\"assan}}, {{Stockholm}}, {{Sweden}}, {{July}} 10-15, 2018},
  author = {Haarnoja, Tuomas and Zhou, Aurick and Abbeel, Pieter and Levine, Sergey},
  editor = {Dy, Jennifer G. and Krause, Andreas},
  year = {2018},
  series = {Proceedings of {{Machine Learning Research}}},
  volume = {80},
  pages = {1856--1865},
  publisher = {{PMLR}},
  urldate = {2023-01-31}
}

@misc{he18mask,
  title = {Mask {{R-CNN}}},
  author = {He, Kaiming and Gkioxari, Georgia and Doll{\'a}r, Piotr and Girshick, Ross},
  year = {2018},
  month = jan,
  number = {arXiv:1703.06870},
  eprint = {arXiv:1703.06870},
  publisher = {{arXiv}},
  urldate = {2023-04-04},
  archiveprefix = {arxiv},
  keywords = {Computer Science - Computer Vision and Pattern Recognition}
}

@inproceedings{hillenbrand10nonparametric,
  title = {Non-Parametric {{3D Shape Warping}}},
  booktitle = {2010 20th {{International Conference}} on {{Pattern Recognition}}},
  author = {Hillenbrand, Ulrich},
  year = {2010},
  month = aug,
  pages = {2656--2659},
  issn = {1051-4651},
  keywords = {Benchmark testing,Deformable models,Estimation,Glass,Interpolation,non-rigid alignment,parameter clustering,point clouds,Shape,shape analysis,shape warping,Three dimensional displays}
}

@inproceedings{hillenbrand12transferring,
  title = {Transferring Functional Grasps through Contact Warping and Local Replanning},
  booktitle = {2012 {{IEEE}}/{{RSJ International Conference}} on {{Intelligent Robots}} and {{Systems}}},
  author = {Hillenbrand, Ulrich and Roa, Maximo A.},
  year = {2012},
  month = oct,
  pages = {2963--2970},
  issn = {2153-0866},
  keywords = {Benchmark testing,Databases,Force,Friction,Grasping,Shape,Stability analysis}
}

@inproceedings{hillenbrand13detecting,
  title = {Detecting Objects of a Category in Range Data by Comparing to a Single Geometric Prototype},
  booktitle = {2013 {{IEEE}}/{{RSJ International Conference}} on {{Intelligent Robots}} and {{Systems}}},
  author = {Hillenbrand, Ulrich},
  year = {2013},
  month = nov,
  pages = {2772--2777},
  issn = {2153-0866},
  keywords = {Adaptation models,Internet,Motion segmentation,Prototypes,Sensors,Shape,Three-dimensional displays}
}

@misc{huang22equivariant,
  title = {Equivariant {{Transporter Network}}},
  author = {Huang, Haojie and Wang, Dian and Walters, Robin and Platt, Robert},
  year = {2022},
  month = sep,
  number = {arXiv:2202.09400},
  eprint = {arXiv:2202.09400},
  publisher = {{arXiv}},
  urldate = {2023-01-30},
  archiveprefix = {arxiv},
  keywords = {Computer Science - Computer Vision and Pattern Recognition,Computer Science - Machine Learning,Computer Science - Robotics}
}

@article{jakel12learning,
  title = {Learning of {{Planning Models}} for {{Dexterous Manipulation Based}} on {{Human Demonstrations}}},
  author = {J{\"a}kel, Rainer and {Schmidt-Rohr}, Sven R. and R{\"u}hl, Steffen W. and Kasper, Alexander and Xue, Zhixing and Dillmann, R{\"u}diger},
  year = {2012},
  month = nov,
  journal = {Int J of Soc Robotics},
  volume = {4},
  number = {4},
  pages = {437--448},
  issn = {1875-4805},
  urldate = {2023-01-30},
  langid = {english},
  keywords = {Machine learning,Motion planning,Programming by demonstration}
}

@inproceedings{janner19reasoning,
  title = {Reasoning {{About Physical Interactions}} with {{Object-Oriented Prediction}} and {{Planning}}},
  booktitle = {7th {{International Conference}} on {{Learning Representations}}, {{ICLR}} 2019, {{New Orleans}}, {{LA}}, {{USA}}, {{May}} 6-9, 2019},
  author = {Janner, Michael and Levine, Sergey and Freeman, William T. and Tenenbaum, Joshua B. and Finn, Chelsea and Wu, Jiajun},
  year = {2019},
  publisher = {{OpenReview.net}},
  urldate = {2023-01-31}
}

@inproceedings{kaelbling11hierarchical,
  title = {Hierarchical Task and Motion Planning in the Now},
  booktitle = {2011 {{IEEE International Conference}} on {{Robotics}} and {{Automation}}},
  author = {Kaelbling, Leslie Pack and {Lozano-P{\'e}rez}, Tom{\'a}s},
  year = {2011},
  month = may,
  pages = {1470--1477},
  issn = {1050-4729},
  keywords = {Concrete,Geometry,Grasping,Planning,Robot sensing systems,Semantics}
}

@misc{kingma17adam,
  title = {Adam: {{A Method}} for {{Stochastic Optimization}}},
  shorttitle = {Adam},
  author = {Kingma, Diederik P. and Ba, Jimmy},
  year = {2017},
  month = jan,
  number = {arXiv:1412.6980},
  eprint = {arXiv:1412.6980},
  publisher = {{arXiv}},
  urldate = {2023-04-04},
  archiveprefix = {arxiv},
  keywords = {Computer Science - Machine Learning}
}

@inproceedings{kipf20contrastive,
  title = {Contrastive {{Learning}} of {{Structured World Models}}},
  booktitle = {International {{Conference}} on {{Learning Representations}}},
  author = {Kipf, Thomas and van der Pol, Elise and Welling, Max},
  year = {2020},
  month = mar,
  urldate = {2023-01-31},
  langid = {english}
}

@inproceedings{klamt18supervised,
  title = {Supervised {{Autonomous Locomotion}} and {{Manipulation}} for {{Disaster Response}} with a {{Centaur-Like Robot}}},
  booktitle = {2018 {{IEEE}}/{{RSJ International Conference}} on {{Intelligent Robots}} and {{Systems}} ({{IROS}})},
  author = {Klamt, Tobias and Rodriguez, Diego and Schwarz, Max and Lenz, Christian and Pavlichenko, Dmytro and Droeschel, David and Behnke, Sven},
  year = {2018},
  month = oct,
  pages = {1--8},
  issn = {2153-0866},
  keywords = {Cameras,Legged locomotion,Robot vision systems,Task analysis,Three-dimensional displays}
}

@inproceedings{klank09realtime,
  title = {Real-Time {{CAD}} Model Matching for Mobile Manipulation and Grasping},
  booktitle = {2009 9th {{IEEE-RAS International Conference}} on {{Humanoid Robots}}},
  author = {Klank, Ulrich and Pangercic, Dejan and Rusu, Radu Bogdan and Beetz, Michael},
  year = {2009},
  month = dec,
  pages = {290--296},
  issn = {2164-0580},
  keywords = {Cameras,Hardware,Humanoid robots,Image databases,Intelligent robots,Layout,Power system modeling,Real time systems,Robustness,Shape}
}

@article{konidaris18skills,
  title = {From {{Skills}} to {{Symbols}}: {{Learning Symbolic Representations}} for {{Abstract High-Level Planning}}},
  shorttitle = {From {{Skills}} to {{Symbols}}},
  author = {Konidaris, George and Kaelbling, Leslie Pack and {Lozano-Perez}, Tomas},
  year = {2018},
  month = jan,
  journal = {jair},
  volume = {61},
  pages = {215--289},
  issn = {1076-9757},
  urldate = {2023-04-04},
  langid = {english}
}

@inproceedings{lee15learning,
  title = {Learning from Multiple Demonstrations Using Trajectory-Aware Non-Rigid Registration with Applications to Deformable Object Manipulation},
  booktitle = {2015 {{IEEE}}/{{RSJ International Conference}} on {{Intelligent Robots}} and {{Systems}} ({{IROS}})},
  author = {Lee, Alex X. and Gupta, Abhishek and Lu, Henry and Levine, Sergey and Abbeel, Pieter},
  year = {2015},
  month = sep,
  pages = {5265--5272},
  publisher = {{IEEE}},
  address = {{Hamburg, Germany}},
  urldate = {2023-01-30},
  isbn = {978-1-4799-9994-1},
  langid = {english}
}

@inproceedings{lee99multiresolution,
  title = {Multiresolution Mesh Morphing},
  booktitle = {Proceedings of the 26th Annual Conference on {{Computer}} Graphics and Interactive Techniques  - {{SIGGRAPH}} '99},
  author = {Lee, Aaron W. F. and Dobkin, David and Sweldens, Wim and Schr{\"o}der, Peter},
  year = {1999},
  pages = {343--350},
  publisher = {{ACM Press}},
  address = {{Not Known}},
  urldate = {2023-01-30},
  isbn = {978-0-201-48560-8},
  langid = {english}
}

@article{levine18learning,
  title = {Learning Hand-Eye Coordination for Robotic Grasping with Deep Learning and Large-Scale Data Collection},
  author = {Levine, Sergey and Pastor, Peter and Krizhevsky, Alex and Ibarz, Julian and Quillen, Deirdre},
  year = {2018},
  journal = {Int. J. Robotics Res.},
  volume = {37},
  number = {4-5},
  pages = {421--436}
}

@article{li07datadriven,
  title = {Data-{{Driven Grasp Synthesis Using Shape Matching}} and {{Task-Based Pruning}}},
  author = {Li, Ying and Fu, Jiaxin L. and Pollard, Nancy S.},
  year = {2007},
  month = jul,
  journal = {IEEE Trans. Visual. Comput. Graphics},
  volume = {13},
  number = {4},
  pages = {732--747},
  issn = {1077-2626},
  urldate = {2023-01-30},
  langid = {english}
}

@article{li08global,
  title = {Global {{Correspondence Optimization}} for {{Non-Rigid Registration}} of {{Depth Scans}}},
  author = {Li, Hao and Sumner, Robert W. and Pauly, Mark},
  year = {2008},
  journal = {Computer Graphics Forum},
  volume = {27},
  number = {5},
  pages = {1421--1430},
  issn = {1467-8659},
  urldate = {2023-01-30},
  langid = {english},
  keywords = {and,Computational,Computer,Geometry,Graphics:,I.3.5,Modeling,Object}
}

@inproceedings{li20practical,
  title = {Towards {{Practical Multi-Object Manipulation}} Using {{Relational Reinforcement Learning}}},
  booktitle = {2020 {{IEEE International Conference}} on {{Robotics}} and {{Automation}}, {{ICRA}} 2020, {{Paris}}, {{France}}, {{May}} 31 - {{August}} 31, 2020},
  author = {Li, Richard and Jabri, Allan and Darrell, Trevor and Agrawal, Pulkit},
  year = {2020},
  pages = {4051--4058},
  publisher = {{IEEE}}
}

@misc{liang22learning,
  title = {Learning {{Category-Level Manipulation Tasks}} from {{Point Clouds}} with {{Dynamic Graph CNNs}}},
  author = {Liang, Junchi and Boularias, Abdeslam},
  year = {2022},
  month = sep,
  number = {arXiv:2209.06331},
  eprint = {arXiv:2209.06331},
  publisher = {{arXiv}},
  urldate = {2023-04-03},
  archiveprefix = {arxiv},
  keywords = {Computer Science - Robotics}
}

@misc{lin15microsoft,
  title = {Microsoft {{COCO}}: {{Common Objects}} in {{Context}}},
  shorttitle = {Microsoft {{COCO}}},
  author = {Lin, Tsung-Yi and Maire, Michael and Belongie, Serge and Bourdev, Lubomir and Girshick, Ross and Hays, James and Perona, Pietro and Ramanan, Deva and Zitnick, C. Lawrence and Doll{\'a}r, Piotr},
  year = {2015},
  month = feb,
  number = {arXiv:1405.0312},
  eprint = {arXiv:1405.0312},
  publisher = {{arXiv}},
  urldate = {2023-04-04},
  archiveprefix = {arxiv},
  keywords = {Computer Science - Computer Vision and Pattern Recognition}
}

@inproceedings{lu22online,
  title = {Online {{Object Model Reconstruction}} and {{Reuse}} for {{Lifelong Improvement}} of {{Robot Manipulation}}},
  booktitle = {2022 {{International Conference}} on {{Robotics}} and {{Automation}}, {{ICRA}} 2022, {{Philadelphia}}, {{PA}}, {{USA}}, {{May}} 23-27, 2022},
  author = {Lu, Shiyang and Wang, Rui and Miao, Yinglong and Mitash, Chaitanya and Bekris, Kostas E.},
  year = {2022},
  pages = {1540--1546},
  publisher = {{IEEE}}
}

@inproceedings{lundell19robust,
  title = {Robust {{Grasp Planning Over Uncertain Shape Completions}}},
  booktitle = {2019 {{IEEE}}/{{RSJ International Conference}} on {{Intelligent Robots}} and {{Systems}} ({{IROS}})},
  author = {Lundell, Jens and Verdoja, Francesco and Kyrki, Ville},
  year = {2019},
  month = nov,
  pages = {1526--1532},
  issn = {2153-0866}
}

@inproceedings{manuelli19kpam,
  title = {{{KPAM}}: {{KeyPoint Affordances}} for {{Category-Level Robotic Manipulation}}},
  shorttitle = {{{KPAM}}},
  booktitle = {Robotics {{Research}} - {{The}} 19th {{International Symposium ISRR}} 2019, {{Hanoi}}, {{Vietnam}}, {{October}} 6-10, 2019},
  author = {Manuelli, Lucas and Gao, Wei and Florence, Peter R. and Tedrake, Russ},
  editor = {Asfour, Tamim and Yoshida, Eiichi and Park, Jaeheung and Christensen, Henrik and Khatib, Oussama},
  year = {2019},
  series = {Springer {{Proceedings}} in {{Advanced Robotics}}},
  volume = {20},
  pages = {132--157},
  publisher = {{Springer}},
  urldate = {2023-01-30}
}

@misc{manuelli20keypoints,
  title = {Keypoints into the {{Future}}: {{Self-Supervised Correspondence}} in {{Model-Based Reinforcement Learning}}},
  shorttitle = {Keypoints into the {{Future}}},
  author = {Manuelli, Lucas and Li, Yunzhu and Florence, Pete and Tedrake, Russ},
  year = {2020},
  month = sep,
  number = {arXiv:2009.05085},
  eprint = {arXiv:2009.05085},
  publisher = {{arXiv}},
  urldate = {2023-04-05},
  archiveprefix = {arxiv},
  langid = {english},
  keywords = {Computer Science - Robotics}
}

@article{mason01hand,
  title = {Hand Synergies during Reach-to-Grasp},
  author = {Mason, C. R. and Gomez, J. E. and Ebner, T. J.},
  year = {2001},
  month = dec,
  journal = {J Neurophysiol},
  volume = {86},
  number = {6},
  pages = {2896--2910},
  issn = {0022-3077},
  langid = {english},
  pmid = {11731546},
  keywords = {Adult,Arm,Biomechanical Phenomena,Female,Hand,Hand Strength,Humans,Male,Posture,Psychomotor Performance,Touch}
}

@misc{menon22viewpoint,
  title = {Viewpoint {{Planning}} Based on {{Shape Completion}} for {{Fruit Mapping}} and {{Reconstruction}}},
  author = {Menon, Rohit and Zaenker, Tobias and Bennewitz, Maren},
  year = {2022},
  month = sep,
  number = {arXiv:2209.15376},
  eprint = {arXiv:2209.15376},
  publisher = {{arXiv}},
  urldate = {2023-02-16},
  archiveprefix = {arxiv},
  keywords = {Computer Science - Computer Vision and Pattern Recognition,Computer Science - Robotics}
}

@inproceedings{mescheder19occupancy,
  title = {Occupancy {{Networks}}: {{Learning 3D Reconstruction}} in {{Function Space}}},
  shorttitle = {Occupancy {{Networks}}},
  booktitle = {{{IEEE Conference}} on {{Computer Vision}} and {{Pattern Recognition}}, {{CVPR}} 2019, {{Long Beach}}, {{CA}}, {{USA}}, {{June}} 16-20, 2019},
  author = {Mescheder, Lars M. and Oechsle, Michael and Niemeyer, Michael and Nowozin, Sebastian and Geiger, Andreas},
  year = {2019},
  pages = {4460--4470},
  publisher = {{Computer Vision Foundation / IEEE}},
  urldate = {2023-01-31}
}

@misc{mildenhall20nerf,
  title = {{{NeRF}}: {{Representing Scenes}} as {{Neural Radiance Fields}} for {{View Synthesis}}},
  shorttitle = {{{NeRF}}},
  author = {Mildenhall, Ben and Srinivasan, Pratul P. and Tancik, Matthew and Barron, Jonathan T. and Ramamoorthi, Ravi and Ng, Ren},
  year = {2020},
  month = aug,
  number = {arXiv:2003.08934},
  eprint = {arXiv:2003.08934},
  publisher = {{arXiv}},
  urldate = {2023-01-31},
  archiveprefix = {arxiv},
  keywords = {Computer Science - Computer Vision and Pattern Recognition,Computer Science - Graphics}
}

@inproceedings{miller03automatic,
  title = {Automatic Grasp Planning Using Shape Primitives},
  booktitle = {2003 {{IEEE International Conference}} on {{Robotics}} and {{Automation}} ({{Cat}}. {{No}}.{{03CH37422}})},
  author = {Miller, A.T. and Knoop, S. and Christensen, H.I. and Allen, P.K.},
  year = {2003},
  month = sep,
  volume = {2},
  pages = {1824-1829 vol.2},
  issn = {1050-4729},
  keywords = {Computer science,Fingers,Grasping,Humans,Robotics and automation,Robots,Shape,Technology planning,Testing,Wrist}
}

@misc{minderer22simple,
  title = {Simple {{Open-Vocabulary Object Detection}} with {{Vision Transformers}}},
  author = {Minderer, Matthias and Gritsenko, Alexey and Stone, Austin and Neumann, Maxim and Weissenborn, Dirk and Dosovitskiy, Alexey and Mahendran, Aravindh and Arnab, Anurag and Dehghani, Mostafa and Shen, Zhuoran and Wang, Xiao and Zhai, Xiaohua and Kipf, Thomas and Houlsby, Neil},
  year = {2022},
  month = jul,
  number = {arXiv:2205.06230},
  eprint = {arXiv:2205.06230},
  publisher = {{arXiv}},
  urldate = {2023-04-04},
  archiveprefix = {arxiv},
  keywords = {Computer Science - Computer Vision and Pattern Recognition}
}

@article{mitash20taskdriven,
  title = {Task-Driven {{Perception}} and {{Manipulation}} for {{Constrained Placement}} with {{No Shape Priors}}},
  author = {Mitash, Chaitanya and Shome, Rahul and Wen, Bowen and Boularias, Abdeslam and Bekris, Kostas E},
  year = {2020},
  langid = {english}
}

@article{mitash20taskdrivena,
  title = {Task-{{Driven Perception}} and {{Manipulation}} for {{Constrained Placement}} of {{Unknown Objects}}},
  author = {Mitash, Chaitanya and Shome, Rahul and Wen, Bowen and Boularias, Abdeslam and Bekris, Kostas},
  year = {2020},
  month = oct,
  journal = {IEEE Robotics and Automation Letters},
  volume = {5},
  number = {4},
  pages = {5605--5612},
  issn = {2377-3766},
  keywords = {dual arm manipulation,manipulation planning,Perception for grasping and manipulation,Pipelines,Planning,Robot sensing systems,Shape,Task analysis}
}

@article{mozos11furniture,
  title = {Furniture {{Models Learned}} from the {{WWW}}},
  author = {Mozos, Oscar Martinez and Marton, Zoltan-Csaba and Beetz, Michael},
  year = {2011},
  month = jun,
  journal = {IEEE Robotics \& Automation Magazine},
  volume = {18},
  number = {2},
  pages = {22--32},
  issn = {1558-223X},
  keywords = {Design automation,Information retrieval,Marketing and sales,Online services,Robot programmig,Shape measurement,Solid modeling,World Wide Web}
}

@article{mozosusing,
  title = {Using {{Web Catalogs}} to {{Locate}} and {{Categorize Unknown Furniture Pieces}} in {{3D Laser Scans}}},
  author = {Mozos, Oscar Martinez and Marton, Zoltan-Csaba and Beetz, Michael},
  langid = {english}
}

@article{myronenko10pointset,
  title = {Point-{{Set Registration}}: {{Coherent Point Drift}}},
  shorttitle = {Point-{{Set Registration}}},
  author = {Myronenko, Andriy and Song, Xubo},
  year = {2010},
  month = dec,
  journal = {IEEE Trans. Pattern Anal. Mach. Intell.},
  volume = {32},
  number = {12},
  eprint = {0905.2635},
  primaryclass = {cs},
  pages = {2262--2275},
  issn = {0162-8828},
  urldate = {2023-01-31},
  archiveprefix = {arxiv},
  keywords = {Computer Science - Computer Vision and Pattern Recognition}
}

@misc{oord19representation,
  title = {Representation {{Learning}} with {{Contrastive Predictive Coding}}},
  author = {van den Oord, Aaron and Li, Yazhe and Vinyals, Oriol},
  year = {2019},
  month = jan,
  number = {arXiv:1807.03748},
  eprint = {arXiv:1807.03748},
  publisher = {{arXiv}},
  urldate = {2023-01-31},
  archiveprefix = {arxiv},
  keywords = {Computer Science - Machine Learning,Statistics - Machine Learning}
}

@inproceedings{pan22taxpose,
  title = {{{TAX-Pose}}: {{Task-Specific Cross-Pose Estimation}} for {{Robot Manipulation}}},
  shorttitle = {{{TAX-Pose}}},
  booktitle = {6th {{Annual Conference}} on {{Robot Learning}}},
  author = {Pan, Chuer and Okorn, Brian and Zhang, Harry and Eisner, Ben and Held, David},
  year = {2022},
  month = nov,
  urldate = {2023-01-20},
  langid = {english}
}

@misc{pari21surprising,
  title = {The {{Surprising Effectiveness}} of {{Representation Learning}} for {{Visual Imitation}}},
  author = {Pari, Jyothish and Shafiullah, Nur Muhammad and Arunachalam, Sridhar Pandian and Pinto, Lerrel},
  year = {2021},
  month = dec,
  number = {arXiv:2112.01511},
  eprint = {arXiv:2112.01511},
  publisher = {{arXiv}},
  urldate = {2023-04-04},
  archiveprefix = {arxiv},
  keywords = {Computer Science - Artificial Intelligence,Computer Science - Computer Vision and Pattern Recognition,Computer Science - Machine Learning,Computer Science - Robotics}
}

@inproceedings{park19deepsdf,
  title = {{{DeepSDF}}: {{Learning Continuous Signed Distance Functions}} for {{Shape Representation}}},
  shorttitle = {{{DeepSDF}}},
  booktitle = {{{IEEE Conference}} on {{Computer Vision}} and {{Pattern Recognition}}, {{CVPR}} 2019, {{Long Beach}}, {{CA}}, {{USA}}, {{June}} 16-20, 2019},
  author = {Park, Jeong Joon and Florence, Peter and Straub, Julian and Newcombe, Richard A. and Lovegrove, Steven},
  year = {2019},
  pages = {165--174},
  publisher = {{Computer Vision Foundation / IEEE}},
  urldate = {2023-01-31}
}

@inproceedings{pastor09learning,
  title = {Learning and Generalization of Motor Skills by Learning from Demonstration},
  booktitle = {2009 {{IEEE International Conference}} on {{Robotics}} and {{Automation}}},
  author = {Pastor, Peter and Hoffmann, Heiko and Asfour, Tamim and Schaal, Stefan},
  year = {2009},
  month = may,
  pages = {763--768},
  issn = {1050-4729},
  keywords = {Anthropomorphism,Differential equations,Fingers,Grippers,Humans,Labeling,Libraries,Robotics and automation,Robots,Robustness}
}

@inproceedings{pavlichenko19autonomous,
  title = {Autonomous {{Bimanual Functional Regrasping}} of {{Novel Object Class Instances}}},
  booktitle = {2019 {{IEEE-RAS}} 19th {{International Conference}} on {{Humanoid Robots}} ({{Humanoids}})},
  author = {Pavlichenko, Dmytro and Rodriguez, Diego and Lenz, Christian and Schwarz, Max and Behnke, Sven},
  year = {2019},
  month = oct,
  pages = {351--358},
  issn = {2164-0580},
  keywords = {Grasping,Handover,Pipelines,Pose estimation,Robot sensing systems}
}

@incollection{prisacariu13simultaneous,
  title = {Simultaneous {{Monocular 2D Segmentation}}, {{3D Pose Recovery}} and {{3D Reconstruction}}},
  booktitle = {Computer {{Vision}} \textendash{} {{ACCV}} 2012},
  author = {Prisacariu, Victor Adrian and Segal, Aleksandr V. and Reid, Ian},
  editor = {Hutchison, David and Kanade, Takeo and Kittler, Josef and Kleinberg, Jon M. and Mattern, Friedemann and Mitchell, John C. and Naor, Moni and Nierstrasz, Oscar and Pandu Rangan, C. and Steffen, Bernhard and Sudan, Madhu and Terzopoulos, Demetri and Tygar, Doug and Vardi, Moshe Y. and Weikum, Gerhard and Lee, Kyoung Mu and Matsushita, Yasuyuki and Rehg, James M. and Hu, Zhanyi},
  year = {2013},
  volume = {7724},
  pages = {593--606},
  publisher = {{Springer Berlin Heidelberg}},
  address = {{Berlin, Heidelberg}},
  urldate = {2023-02-16},
  isbn = {978-3-642-37330-5 978-3-642-37331-2},
  langid = {english}
}

@inproceedings{przybylski10unions,
  title = {Unions of Balls for Shape Approximation in Robot Grasping},
  booktitle = {2010 {{IEEE}}/{{RSJ International Conference}} on {{Intelligent Robots}} and {{Systems}}},
  author = {Przybylski, Markus and Asfour, Tamim and Dillmann, R{\"u}diger},
  year = {2010},
  month = oct,
  pages = {1592--1599},
  issn = {2153-0866},
  keywords = {Approximation methods,Geometry,Grasping,Planning,Robots,Shape,Three dimensional displays}
}

@misc{qi17pointnet,
  title = {{{PointNet}}++: {{Deep Hierarchical Feature Learning}} on {{Point Sets}} in a {{Metric Space}}},
  shorttitle = {{{PointNet}}++},
  author = {Qi, Charles R. and Yi, Li and Su, Hao and Guibas, Leonidas J.},
  year = {2017},
  month = jun,
  number = {arXiv:1706.02413},
  eprint = {arXiv:1706.02413},
  publisher = {{arXiv}},
  urldate = {2023-03-09},
  archiveprefix = {arxiv},
  keywords = {Computer Science - Computer Vision and Pattern Recognition}
}

@misc{qi17pointneta,
  title = {{{PointNet}}: {{Deep Learning}} on {{Point Sets}} for {{3D Classification}} and {{Segmentation}}},
  shorttitle = {{{PointNet}}},
  author = {Qi, Charles R. and Su, Hao and Mo, Kaichun and Guibas, Leonidas J.},
  year = {2017},
  month = apr,
  number = {arXiv:1612.00593},
  eprint = {arXiv:1612.00593},
  publisher = {{arXiv}},
  urldate = {2023-03-09},
  archiveprefix = {arxiv},
  keywords = {Computer Science - Computer Vision and Pattern Recognition}
}

@inproceedings{quere20shared,
  title = {Shared {{Control Templates}} for {{Assistive Robotics}}},
  booktitle = {2020 {{IEEE International Conference}} on {{Robotics}} and {{Automation}} ({{ICRA}})},
  author = {Quere, Gabriel and Hagengruber, Annette and Iskandar, Maged and Bustamante, Samuel and Leidner, Daniel and Stulp, Freek and Vogel, J{\"o}rn},
  year = {2020},
  month = may,
  pages = {1956--1962},
  issn = {2577-087X},
  keywords = {Manifolds,Manipulators,Rehabilitation robotics,Robot kinematics,Task analysis,Wheelchairs}
}

@inproceedings{rodriguez18learning,
  title = {Learning {{Postural Synergies}} for {{Categorical Grasping Through Shape Space Registration}}},
  booktitle = {2018 {{IEEE-RAS}} 18th {{International Conference}} on {{Humanoid Robots}} ({{Humanoids}})},
  author = {Rodriguez, Diego and Di Guardo, Antonio and Frisoli, Antonio and Behnke, Sven},
  year = {2018},
  month = nov,
  pages = {270--276},
  issn = {2164-0580},
  keywords = {Exoskeletons,Grasping,Jacobian matrices,Kinematics,Robot sensing systems,Shape}
}

@misc{rodriguez18transferring,
  title = {Transferring {{Grasping Skills}} to {{Novel Instances}} by {{Latent Space Non-Rigid Registration}}},
  author = {Rodriguez, Diego and Cogswell, Corbin and Koo, Seongyong and Behnke, Sven},
  year = {2018},
  month = sep,
  number = {arXiv:1809.05353},
  eprint = {arXiv:1809.05353},
  publisher = {{arXiv}},
  urldate = {2023-02-16},
  archiveprefix = {arxiv},
  keywords = {Computer Science - Robotics}
}

@article{rodriguez18transferringa,
  title = {Transferring {{Category-Based Functional Grasping Skills}} by {{Latent Space Non-Rigid Registration}}},
  author = {Rodriguez, Diego and Behnke, Sven},
  year = {2018},
  month = jul,
  journal = {IEEE Robotics and Automation Letters},
  volume = {3},
  number = {3},
  pages = {2662--2669},
  issn = {2377-3766},
  keywords = {Aggregates,Dexterous manipulation,grasping,Grasping,multi-fingered hands,Noise measurement,Shape,Strain,Three-dimensional displays,Training}
}

@inproceedings{rodriguez20categorylevel,
  title = {Category-{{Level 3D Non-Rigid Registration}} from {{Single-View RGB Images}}},
  booktitle = {2020 {{IEEE}}/{{RSJ International Conference}} on {{Intelligent Robots}} and {{Systems}} ({{IROS}})},
  author = {Rodriguez, Diego and Huber, Florian and Behnke, Sven},
  year = {2020},
  month = oct,
  pages = {10617--10624},
  issn = {2153-0866},
  keywords = {Image reconstruction,Neural networks,Sensors,Shape,Strain,Three-dimensional displays,Training}
}

@book{rodriguez22categorylevel,
  title = {Category-Level {{Part-based 3D Object Non-rigid Registration}}},
  author = {Rodriguez, Diego and Huber, Florian and Behnke, Sven},
  year = {2022},
  month = feb
}

@article{saleh12encoding,
  title = {Encoding of {{Coordinated Reach}} and {{Grasp Trajectories}} in {{Primary Motor Cortex}}},
  author = {Saleh, M. and Takahashi, K. and Hatsopoulos, N. G.},
  year = {2012},
  month = jan,
  journal = {Journal of Neuroscience},
  volume = {32},
  number = {4},
  pages = {1220--1232},
  issn = {0270-6474, 1529-2401},
  urldate = {2023-01-30},
  langid = {english}
}

@article{schmidhuber15deep,
  title = {Deep Learning in Neural Networks: {{An}} Overview},
  shorttitle = {Deep Learning in Neural Networks},
  author = {Schmidhuber, J{\"u}rgen},
  year = {2015},
  journal = {Neural Networks},
  volume = {61},
  pages = {85--117}
}

@incollection{schulman16learning,
  title = {Learning from {{Demonstrations Through}} the {{Use}} of {{Non-rigid Registration}}},
  booktitle = {Robotics {{Research}}},
  author = {Schulman, John and Ho, Jonathan and Lee, Cameron and Abbeel, Pieter},
  editor = {Inaba, Masayuki and Corke, Peter},
  year = {2016},
  volume = {114},
  pages = {339--354},
  publisher = {{Springer International Publishing}},
  address = {{Cham}},
  urldate = {2023-01-31},
  isbn = {978-3-319-28870-3 978-3-319-28872-7},
  langid = {english}
}

@misc{shridhar22perceiveractor,
  title = {Perceiver-{{Actor}}: {{A Multi-Task Transformer}} for {{Robotic Manipulation}}},
  shorttitle = {Perceiver-{{Actor}}},
  author = {Shridhar, Mohit and Manuelli, Lucas and Fox, Dieter},
  year = {2022},
  month = nov,
  number = {arXiv:2209.05451},
  eprint = {arXiv:2209.05451},
  publisher = {{arXiv}},
  urldate = {2023-04-04},
  archiveprefix = {arxiv},
  keywords = {Computer Science - Artificial Intelligence,Computer Science - Computation and Language,Computer Science - Computer Vision and Pattern Recognition,Computer Science - Machine Learning,Computer Science - Robotics}
}

@inproceedings{simeonov20long,
  title = {A {{Long Horizon Planning Framework}} for {{Manipulating Rigid Pointcloud Objects}}},
  booktitle = {4th {{Conference}} on {{Robot Learning}}, {{CoRL}} 2020, 16-18 {{November}} 2020, {{Virtual Event}} / {{Cambridge}}, {{MA}}, {{USA}}},
  author = {Simeonov, Anthony and Du, Yilun and Kim, Beomjoon and Hogan, Francois Robert and Tenenbaum, Joshua B. and Agrawal, Pulkit and Rodriguez, Alberto},
  editor = {Kober, Jens and Ramos, Fabio and Tomlin, Claire J.},
  year = {2020},
  series = {Proceedings of {{Machine Learning Research}}},
  volume = {155},
  pages = {1582--1601},
  publisher = {{PMLR}},
  urldate = {2023-01-30}
}

@inproceedings{simeonov22neural,
  title = {Neural {{Descriptor Fields}}: {{SE}}(3)-{{Equivariant Object Representations}} for {{Manipulation}}},
  shorttitle = {Neural {{Descriptor Fields}}},
  booktitle = {2022 {{International Conference}} on {{Robotics}} and {{Automation}}, {{ICRA}} 2022, {{Philadelphia}}, {{PA}}, {{USA}}, {{May}} 23-27, 2022},
  author = {Simeonov, Anthony and Du, Yilun and Tagliasacchi, Andrea and Tenenbaum, Joshua B. and Rodriguez, Alberto and Agrawal, Pulkit and Sitzmann, Vincent},
  year = {2022},
  pages = {6394--6400},
  publisher = {{IEEE}}
}

@inproceedings{simeonov22se,
  title = {{{SE}}(3)-{{Equivariant Relational Rearrangement}} with {{Neural Descriptor Fields}}},
  booktitle = {6th {{Annual Conference}} on {{Robot Learning}}},
  author = {Simeonov, Anthony and Du, Yilun and Lin, Yen-Chen and Garcia, Alberto Rodriguez and Kaelbling, Leslie Pack and {Lozano-P{\'e}rez}, Tom{\'a}s and Agrawal, Pulkit},
  year = {2022},
  month = nov,
  urldate = {2023-01-20},
  langid = {english}
}

@inproceedings{smits08itasc,
  title = {{{iTASC}}: A Tool for Multi-Sensor Integration in Robot Manipulation},
  shorttitle = {{{iTASC}}},
  booktitle = {2008 {{IEEE International Conference}} on {{Multisensor Fusion}} and {{Integration}} for {{Intelligent Systems}}},
  author = {Smits, Ruben and De Laet, Tinne and Claes, Kasper and Bruyninckx, Herman and De Schutter, Joris},
  year = {2008},
  month = aug,
  pages = {426--433},
  keywords = {Cameras,Distance measurement,Probes,Robot kinematics,Robot sensing systems,Robots,Uncertainty}
}

@inproceedings{stouraitis15functional,
  title = {Functional Power Grasps Transferred through Warping and Replanning},
  booktitle = {2015 {{IEEE International Conference}} on {{Robotics}} and {{Automation}} ({{ICRA}})},
  author = {Stouraitis, Theodoros and Hillenbrand, Ulrich and Roa, M{\'a}ximo A.},
  year = {2015},
  month = may,
  pages = {4933--4940},
  issn = {1050-4729},
  keywords = {Databases,Force,Kinematics,Optimization,Shape,Surface treatment,Three-dimensional displays}
}

@inproceedings{stuckler11realtime,
  title = {Real-{{Time 3D Perception}} and {{Efficient Grasp Planning}} for {{Everyday Manipulation Tasks}}},
  booktitle = {European {{Conference}} on {{Mobile Robots}}},
  author = {St{\"u}ckler, J. and Steffens, Ricarda and Holz, D. and Behnke, Sven},
  year = {2011},
  urldate = {2023-02-16}
}

@article{tamosiunaite11learning,
  title = {Learning to Pour with a Robot Arm Combining Goal and Shape Learning for Dynamic Movement Primitives},
  author = {Tamosiunaite, Minija and Nemec, Bojan and Ude, Ale{\v s} and W{\"o}rg{\"o}tter, Florentin},
  year = {2011},
  month = nov,
  journal = {Robotics and Autonomous Systems},
  volume = {59},
  number = {11},
  pages = {910--922},
  issn = {0921-8890},
  urldate = {2023-01-30},
  langid = {english},
  keywords = {-method,Dynamic movement primitives,Natural actor critic,Reinforcement learning,Value function approximation}
}

@inproceedings{tenorth13decomposing,
  title = {Decomposing {{CAD}} Models of Objects of Daily Use and Reasoning about Their Functional Parts},
  booktitle = {2013 {{IEEE}}/{{RSJ International Conference}} on {{Intelligent Robots}} and {{Systems}}},
  author = {Tenorth, Moritz and Profanter, Stefan and {Balint-Benczedi}, Ferenc and Beetz, Michael},
  year = {2013},
  month = nov,
  pages = {5943--5949},
  issn = {2153-0866},
  keywords = {Containers,Design automation,Knowledge based systems,Robot sensing systems,Semantics,Solid modeling}
}

@inproceedings{thompson21shapebased,
  title = {Shape-{{Based Transfer}} of {{Generic Skills}}},
  booktitle = {2021 {{IEEE International Conference}} on {{Robotics}} and {{Automation}} ({{ICRA}})},
  author = {Thompson, Skye and Kaelbling, Leslie Pack and {Lozano-Perez}, Tomas},
  year = {2021},
  month = may,
  pages = {5996--6002},
  issn = {2577-087X},
  keywords = {Automation,Conferences,Shape,Strain,Training}
}

@inproceedings{tian19transferring,
  title = {Transferring {{Grasp Configurations}} Using {{Active Learning}} and {{Local Replanning}}},
  booktitle = {2019 {{International Conference}} on {{Robotics}} and {{Automation}} ({{ICRA}})},
  author = {Tian, Hao and Wang, Changbo and Manocha, Dinesh and Zhang, Xinyu},
  year = {2019},
  month = may,
  pages = {1622--1628},
  issn = {2577-087X},
  keywords = {Grasping,Particle swarm optimization,Robots,Semantics,Shape,Stability analysis,Three-dimensional displays}
}

@misc{turpin21gift,
  title = {{{GIFT}}: {{Generalizable Interaction-aware Functional Tool Affordances}} without {{Labels}}},
  shorttitle = {{{GIFT}}},
  author = {Turpin, Dylan and Wang, Liquan and Tsogkas, Stavros and Dickinson, Sven and Garg, Animesh},
  year = {2021},
  month = jun,
  number = {arXiv:2106.14973},
  eprint = {arXiv:2106.14973},
  publisher = {{arXiv}},
  urldate = {2023-04-05},
  archiveprefix = {arxiv},
  keywords = {Computer Science - Robotics}
}

@inproceedings{vahrenkamp16partbased,
  title = {Part-Based Grasp Planning for Familiar Objects},
  booktitle = {2016 {{IEEE-RAS}} 16th {{International Conference}} on {{Humanoid Robots}} ({{Humanoids}})},
  author = {Vahrenkamp, Nikolaus and Westkamp, Leonard and Yamanobe, Natsuki and Aksoy, Eren E. and Asfour, Tamim},
  year = {2016},
  month = nov,
  pages = {919--925},
  issn = {2164-0580},
  keywords = {Grasping,Planning,Robot sensing systems,Semantics,Shape,Training}
}

@inproceedings{vaswani17attention,
  title = {Attention Is {{All}} You {{Need}}},
  booktitle = {Advances in {{Neural Information Processing Systems}}},
  author = {Vaswani, Ashish and Shazeer, Noam and Parmar, Niki and Uszkoreit, Jakob and Jones, Llion and Gomez, Aidan N and Kaiser, {\L}ukasz and Polosukhin, Illia},
  year = {2017},
  volume = {30},
  publisher = {{Curran Associates, Inc.}},
  urldate = {2023-01-31}
}

@misc{vecerik20s3k,
  title = {{{S3K}}: {{Self-Supervised Semantic Keypoints}} for {{Robotic Manipulation}} via {{Multi-View Consistency}}},
  shorttitle = {{{S3K}}},
  author = {Vecerik, Mel and Regli, Jean-Baptiste and Sushkov, Oleg and Barker, David and Pevceviciute, Rugile and Roth{\"o}rl, Thomas and Schuster, Christopher and Hadsell, Raia and Agapito, Lourdes and Scholz, Jonathan},
  year = {2020},
  month = oct,
  number = {arXiv:2009.14711},
  eprint = {arXiv:2009.14711},
  publisher = {{arXiv}},
  urldate = {2023-04-05},
  archiveprefix = {arxiv},
  keywords = {Computer Science - Computer Vision and Pattern Recognition,Computer Science - Machine Learning,Computer Science - Robotics}
}

@article{vogel21ecosystem,
  title = {An {{Ecosystem}} for {{Heterogeneous Robotic Assistants}} in {{Caregiving}}: {{Core Functionalities}} and {{Use Cases}}},
  shorttitle = {An {{Ecosystem}} for {{Heterogeneous Robotic Assistants}} in {{Caregiving}}},
  author = {Vogel, Jorn and Leidner, Daniel and Hagengruber, Annette and Panzirsch, Michael and Bauml, Berthold and Denninger, Maximilian and Hillenbrand, Ulrich and Suchenwirth, Lioba and Schmaus, Peter and Sewtz, Marco and Bauer, Adrian Simon and Hulin, Thomas and Iskandar, Maged and Quere, Gabriel and {Albu-Schaffer}, Alin and Dietrich, Alexander},
  year = {2021},
  month = sep,
  journal = {IEEE Robotics \& Automation Magazine},
  volume = {28},
  number = {3},
  pages = {12--28},
  issn = {1558-223X},
  keywords = {Ecosystems,Heterogeneous networks,Humanoid robots,Manipulators,Mobile robots,Service robots,Wheelchairs}
}

@inproceedings{wang22mathrmso,
  title = {\$\textbackslash mathrm\{\vphantom\}{{SO}}\vphantom\{\}(2)\$-{{Equivariant Reinforcement Learning}}},
  booktitle = {International {{Conference}} on {{Learning Representations}}},
  author = {Wang, Dian and Walters, Robin and Platt, Robert},
  year = {2022},
  month = mar,
  urldate = {2023-01-31},
  langid = {english}
}

@inproceedings{wen22you,
  title = {You {{Only Demonstrate Once}}: {{Category-Level Manipulation}} from {{Single Visual Demonstration}}},
  shorttitle = {You {{Only Demonstrate Once}}},
  booktitle = {Robotics: {{Science}} and {{Systems XVIII}}},
  author = {Wen, Bowen and Lian, Wenzhao and Bekris, Kostas and Schaal, Stefan},
  year = {2022},
  month = jun,
  publisher = {{Robotics: Science and Systems Foundation}},
  urldate = {2023-01-30},
  isbn = {978-0-9923747-8-5},
  langid = {english}
}

@misc{yang22learning,
  title = {Learning {{Periodic Tasks}} from {{Human Demonstrations}}},
  author = {Yang, Jingyun and Zhang, Junwu and Settle, Connor and Rai, Akshara and Antonova, Rika and Bohg, Jeannette},
  year = {2022},
  month = may,
  number = {arXiv:2109.14078},
  eprint = {arXiv:2109.14078},
  publisher = {{arXiv}},
  urldate = {2023-04-04},
  archiveprefix = {arxiv},
  keywords = {Computer Science - Robotics}
}

@inproceedings{you21omnihang,
  title = {{{OmniHang}}: {{Learning}} to {{Hang Arbitrary Objects}} Using {{Contact Point Correspondences}} and {{Neural Collision Estimation}}},
  shorttitle = {{{OmniHang}}},
  booktitle = {{{IEEE International Conference}} on {{Robotics}} and {{Automation}}, {{ICRA}} 2021, {{Xi}}'an, {{China}}, {{May}} 30 - {{June}} 5, 2021},
  author = {You, Yifan and Shao, Lin and Migimatsu, Toki and Bohg, Jeannette},
  year = {2021},
  pages = {5921--5927},
  publisher = {{IEEE}}
}

@inproceedings{youngrockyoon03realtime,
  title = {Real-Time Tracking and Pose Estimation for Industrial Objects Using Geometric Features},
  booktitle = {2003 {{IEEE International Conference}} on {{Robotics}} and {{Automation}} ({{Cat}}. {{No}}.{{03CH37422}})},
  author = {{Youngrock Yoon} and DeSouza, G.N. and Kak, A.C.},
  year = {2003},
  volume = {3},
  pages = {3473--3478},
  publisher = {{IEEE}},
  address = {{Taipei, Taiwan}},
  urldate = {2023-04-05},
  isbn = {978-0-7803-7736-3},
  langid = {english}
}

@inproceedings{yu19metaworld,
  title = {Meta-{{World}}: {{A Benchmark}} and {{Evaluation}} for {{Multi-Task}} and {{Meta Reinforcement Learning}}},
  shorttitle = {Meta-{{World}}},
  booktitle = {3rd {{Annual Conference}} on {{Robot Learning}}, {{CoRL}} 2019, {{Osaka}}, {{Japan}}, {{October}} 30 - {{November}} 1, 2019, {{Proceedings}}},
  author = {Yu, Tianhe and Quillen, Deirdre and He, Zhanpeng and Julian, Ryan and Hausman, Karol and Finn, Chelsea and Levine, Sergey},
  editor = {Kaelbling, Leslie Pack and Kragic, Danica and Sugiura, Komei},
  year = {2019},
  series = {Proceedings of {{Machine Learning Research}}},
  volume = {100},
  pages = {1094--1100},
  publisher = {{PMLR}},
  urldate = {2023-01-31}
}

@inproceedings{zeng20transporter,
  title = {Transporter {{Networks}}: {{Rearranging}} the {{Visual World}} for {{Robotic Manipulation}}},
  shorttitle = {Transporter {{Networks}}},
  booktitle = {4th {{Conference}} on {{Robot Learning}}, {{CoRL}} 2020, 16-18 {{November}} 2020, {{Virtual Event}} / {{Cambridge}}, {{MA}}, {{USA}}},
  author = {Zeng, Andy and Florence, Pete and Tompson, Jonathan and Welker, Stefan and Chien, Jonathan and Attarian, Maria and Armstrong, Travis and Krasin, Ivan and Duong, Dan and Sindhwani, Vikas and Lee, Johnny},
  editor = {Kober, Jens and Ramos, Fabio and Tomlin, Claire J.},
  year = {2020},
  series = {Proceedings of {{Machine Learning Research}}},
  volume = {155},
  pages = {726--747},
  publisher = {{PMLR}},
  urldate = {2023-01-30}
}

@inproceedings{zhou17scene,
  title = {Scene {{Parsing}} through {{ADE20K Dataset}}},
  booktitle = {2017 {{IEEE Conference}} on {{Computer Vision}} and {{Pattern Recognition}} ({{CVPR}})},
  author = {Zhou, Bolei and Zhao, Hang and Puig, Xavier and Fidler, Sanja and Barriuso, Adela and Torralba, Antonio},
  year = {2017},
  month = jul,
  pages = {5122--5130},
  publisher = {{IEEE}},
}

@misc{zhou18semantic,
  title = {Semantic {{Understanding}} of {{Scenes}} through the {{ADE20K Dataset}}},
  author = {Zhou, Bolei and Zhao, Hang and Puig, Xavier and Xiao, Tete and Fidler, Sanja and Barriuso, Adela and Torralba, Antonio},
  year = {2018},
  month = oct,
  number = {arXiv:1608.05442},
  eprint = {arXiv:1608.05442},
  publisher = {{arXiv}},
  urldate = {2023-04-04},
  archiveprefix = {arxiv},
  keywords = {Computer Science - Computer Vision and Pattern Recognition}
}

@inproceedings{zhu14single,
  title = {Single Image {{3D}} Object Detection and Pose Estimation for Grasping},
  booktitle = {2014 {{IEEE International Conference}} on {{Robotics}} and {{Automation}} ({{ICRA}})},
  author = {Zhu, Menglong and Derpanis, Konstantinos G. and Yang, Yinfei and Brahmbhatt, Samarth and Zhang, Mabel and Phillips, Cody and Lecce, Matthieu and Daniilidis, Kostas},
  year = {2014},
  month = may,
  pages = {3936--3943},
  publisher = {{IEEE}},
  address = {{Hong Kong, China}},
  urldate = {2023-04-05},
  isbn = {978-1-4799-3685-4},
  langid = {english}
}

@article{zhu19review,
  title = {A {{Review}} of {{Point Set Registration}}: {{From Pairwise Registration}} to {{Groupwise Registration}}},
  shorttitle = {A {{Review}} of {{Point Set Registration}}},
  author = {Zhu, Hao and Guo, Bin and Zou, Ke and Li, Yongfu and Yuen, Ka-Veng and Mihaylova, Lyudmila and Leung, Henry},
  year = {2019},
  month = jan,
  journal = {Sensors},
  volume = {19},
  number = {5},
  pages = {1191},
  publisher = {{Multidisciplinary Digital Publishing Institute}},
  issn = {1424-8220},
  urldate = {2023-03-09},
  copyright = {http://creativecommons.org/licenses/by/3.0/},
  langid = {english},
  keywords = {groupwise registration,pairwise registration,point set registration}
}

@article{zhu22sample,
  title = {Sample {{Efficient Grasp Learning Using Equivariant Models}}},
  author = {Zhu, Xupeng and Wang, Dian and Biza, Ondrej and Su, Guanang and Walters, Robin and Platt, Robert},
  year = {2022},
  journal = {CoRR},
  volume = {abs/2202.09468},
  eprint = {2202.09468},
  urldate = {2023-01-31},
  archiveprefix = {arxiv}
}
